@inproceedings{DBLP:conf/wowmom/OrgerieLLL11,

author    = {Anne{-}C{\'{e}}cile Orgerie and

Laurent Lef{\`{e}}vre and

Isabelle Gu{\'{e}}rin Lassous and

Dino Martin L{\'{o}}pez{-}Pacheco},

title     = {{ECOFEN:} {A}n End-to-end energy Cost mOdel and simulator For Evaluating

power consumption in large-scale Networks},

booktitle = {12th {IEEE} International Symposium on a World of Wireless, Mobile

and Multimedia Networks, {WOWMOM} 2011, Lucca, Italy, 20-24 June,

2011},

pages     = {1--6},

year      = {2011},

crossref  = {DBLP:conf/wowmom/2011},

url       = {http://dx.doi.org/10.1109/WoWMoM.2011.5986203},

doi       = {10.1109/WoWMoM.2011.5986203},

timestamp = {Mon, 22 Sep 2014 16:50:23 +0200},

biburl    = {http://dblp.uni-trier.de/rec/bib/conf/wowmom/OrgerieLLL11},

bibsource = {dblp computer science bibliography, http://dblp.org}

}


@article{DBLP:journals/jpdc/CasanovaGLQS14,

author    = {Henri Casanova and

Arnaud Giersch and

Arnaud Legrand and

Martin Quinson and

Fr{\'{e}}d{\'{e}}ric Suter},

title     = {Versatile, scalable, and accurate simulation of distributed applications

and platforms},

journal   = {J. Parallel Distrib. Comput.},

volume    = {74},

number    = {10},

pages     = {2899--2917},

year      = {2014},

url       = {http://dx.doi.org/10.1016/j.jpdc.2014.06.008},

doi       = {10.1016/j.jpdc.2014.06.008},

timestamp = {Wed, 30 Jul 2014 11:18:42 +0200},

biburl    = {http://dblp.uni-trier.de/rec/bib/journals/jpdc/CasanovaGLQS14},

bibsource = {dblp computer science bibliography, http://dblp.org}

}


@article{DBLP:journals/comsur/BollaBDC11,

author    = {Raffaele Bolla and

Roberto Bruschi and

Franco Davoli and

Flavio Cucchietti},

title     = {Energy Efficiency in the Future Internet: {A} Survey of Existing Approaches

and Trends in Energy-Aware Fixed Network Infrastructures},

journal   = {{IEEE} Communications Surveys and Tutorials},

volume    = {13},

number    = {2},

pages     = {223--244},

year      = {2011},

url       = {http://dx.doi.org/10.1109/SURV.2011.071410.00073},

doi       = {10.1109/SURV.2011.071410.00073},

timestamp = {Mon, 21 Mar 2016 15:17:19 +0100},

biburl    = {http://dblp.uni-trier.de/rec/bib/journals/comsur/BollaBDC11},

bibsource = {dblp computer science bibliography, http://dblp.org}

}


@inproceedings{DBLP:conf/networking/MahadevanSBR09,

author    = {Priya Mahadevan and

Puneet Sharma and

Sujata Banerjee and

Parthasarathy Ranganathan},

title     = {A Power Benchmarking Framework for Network Devices},

booktitle = {{NETWORKING} 2009, 8th International {IFIP-TC} 6 Networking Conference,

Aachen, Germany, May 11-15, 2009. Proceedings},

pages     = {795--808},

year      = {2009},

crossref  = {DBLP:conf/networking/2009},

url       = {http://dx.doi.org/10.1007/978-3-642-01399-7_62},

doi       = {10.1007/978-3-642-01399-7_62},

timestamp = {Fri, 10 Jul 2015 17:21:28 +0200},

biburl    = {http://dblp.uni-trier.de/rec/bib/conf/networking/MahadevanSBR09},

bibsource = {dblp computer science bibliography, http://dblp.org}

}


@inproceedings{DBLP:conf/sigcomm/MahadevanBS10,

author    = {Priya Mahadevan and

Sujata Banerjee and

Puneet Sharma},

title     = {Energy proportionality of an enterprise network},

booktitle = {Proceedings of the 1st {ACM} {SIGCOMM} Workshop on Green Networking

2010, New Delhi, India, August 30, 2010},

pages     = {53--60},

year      = {2010},

crossref  = {DBLP:conf/sigcomm/2010greennet},

url       = {http://doi.acm.org/10.1145/1851290.1851302},

doi       = {10.1145/1851290.1851302},

timestamp = {Wed, 01 Sep 2010 08:08:19 +0200},

biburl    = {http://dblp.uni-trier.de/rec/bib/conf/sigcomm/MahadevanBS10},

bibsource = {dblp computer science bibliography, http://dblp.org}

}


@article{DBLP:journals/comsur/DayarathnaWF16,

author    = {Miyuru Dayarathna and

Yonggang Wen and

Rui Fan},

title     = {Data Center Energy Consumption Modeling: {A} Survey},

journal   = {{IEEE} Communications Surveys and Tutorials},

volume    = {18},

number    = {1},

pages     = {732--794},

year      = {2016},

url       = {http://dx.doi.org/10.1109/COMST.2015.2481183},

doi       = {10.1109/COMST.2015.2481183},

timestamp = {Wed, 03 Feb 2016 18:18:55 +0100},

biburl    = {http://dblp.uni-trier.de/rec/bib/journals/comsur/DayarathnaWF16},

bibsource = {dblp computer science bibliography, http://dblp.org}

}


@article{DBLP:journals/tjs/KliazovichBK12,

author    = {Dzmitry Kliazovich and

Pascal Bouvry and

Samee Ullah Khan},

title     = {GreenCloud: {A} packet-level simulator of energy-aware cloud computing

data centers},

journal   = {The Journal of Supercomputing},

volume    = {62},

number    = {3},

pages     = {1263--1283},

year      = {2012},

url       = {http://dx.doi.org/10.1007/s11227-010-0504-1},

doi       = {10.1007/s11227-010-0504-1},

timestamp = {Tue, 30 Oct 2012 11:19:11 +0100},

biburl    = {http://dblp.uni-trier.de/rec/bib/journals/tjs/KliazovichBK12},

bibsource = {dblp computer science bibliography, http://dblp.org}

}


@book{DBLP:series/synthesis/2013Barroso,

author    = {Luiz Andr{\'{e}} Barroso and

Jimmy Clidaras and

Urs H{\"{o}}lzle},

title     = {The Datacenter as a Computer: An Introduction to the Design of Warehouse-Scale

Machines, Second Edition},

series    = {Synthesis Lectures on Computer Architecture},

publisher = {Morgan {\&} Claypool Publishers},

year      = {2013},

url       = {http://dx.doi.org/10.2200/S00516ED2V01Y201306CAC024},

doi       = {10.2200/S00516ED2V01Y201306CAC024},

isbn      = {9781627050098},

timestamp = {Tue, 10 Dec 2013 17:04:44 +0100},

biburl    = {http://dblp.uni-trier.de/rec/bib/series/synthesis/2013Barroso},

bibsource = {dblp computer science bibliography, http://dblp.org}

}


@inproceedings{DBLP:conf/isca/FanWB07,

author    = {Xiaobo Fan and

Wolf{-}Dietrich Weber and

Luiz Andr{\'{e}} Barroso},

title     = {Power provisioning for a warehouse-sized computer},

booktitle = {34th International Symposium on Computer Architecture {(ISCA} 2007),

June 9-13, 2007, San Diego, California, {USA}},

pages     = {13--23},

year      = {2007},

crossref  = {DBLP:conf/isca/2007},

url       = {http://doi.acm.org/10.1145/1250662.1250665},

doi       = {10.1145/1250662.1250665},

timestamp = {Thu, 16 Oct 2014 17:35:15 +0200},

biburl    = {http://dblp.uni-trier.de/rec/bib/conf/isca/FanWB07},

bibsource = {dblp computer science bibliography, http://dblp.org}

}


@inproceedings{debusschere2013data,

title={Data center energy consumption simulator from the servers to their cooling system},

author={Debusschere, Vincent and Bacha, Seddik and others},

booktitle={PowerTech (POWERTECH), 2013 IEEE Grenoble},

pages={1--6},

year={2013},

organization={IEEE}

}

@inproceedings{DBLP:conf/infocom/LiuFGKT01,
	author    = {Benyuan Liu and
	Daniel R. Figueiredo and
	Yang Guo and
	James F. Kurose and
	Donald F. Towsley},
	title     = {A Study of Networks Simulation Efficiency: Fluid Simulation vs. Packet-level
	Simulation},
	booktitle = {Proceedings {IEEE} {INFOCOM} 2001, The Conference on Computer Communications,
	Twentieth Annual Joint Conference of the {IEEE} Computer and Communications
	Societies, Twenty years into the communications odyssey, Anchorage,
	Alaska, USA, April 22-26, 2001},
	pages     = {1244--1253},
	year      = {2001},
	crossref  = {DBLP:conf/infocom/2001},
	url       = {http://www.ieee-infocom.org/2001/paper/239.ps},
	timestamp = {Mon, 26 Jan 2015 16:54:51 +0100},
	biburl    = {http://dblp.dagstuhl.de/rec/bib/conf/infocom/LiuFGKT01},
	bibsource = {dblp computer science bibliography, http://dblp.org}
}

@article{DBLP:journals/comcom/HeddeghemLLCPD14,
	author    = {Ward Van Heddeghem and
	Sofie Lambert and
	Bart Lannoo and
	Didier Colle and
	Mario Pickavet and
	Piet Demeester},
	title     = {Trends in worldwide {ICT} electricity consumption from 2007 to 2012},
	journal   = {Computer Communications},
	volume    = {50},
	pages     = {64--76},
	year      = {2014},
	url       = {http://dx.doi.org/10.1016/j.comcom.2014.02.008},
	doi       = {10.1016/j.comcom.2014.02.008},
	timestamp = {Tue, 15 Jul 2014 14:57:12 +0200},
	biburl    = {http://dblp.dagstuhl.de/rec/bib/journals/comcom/HeddeghemLLCPD14},
	bibsource = {dblp computer science bibliography, http://dblp.org}
}

@inproceedings{DBLP:conf/eenergy/GyarmatiT10,
	author    = {L{\'{a}}szl{\'{o}} Gyarmati and
	Tuan Anh Trinh},
	title     = {How can architecture help to reduce energy consumption in data center
	networking?},
	booktitle = {Proceedings of the 1st International Conference on Energy-Efficient
	Computing and Networking, e-Energy 2010, Passau, Germany, April 13-15,
	2010},
	pages     = {183--186},
	year      = {2010},
	crossref  = {DBLP:conf/eenergy/2010},
	url       = {http://doi.acm.org/10.1145/1791314.1791343},
	doi       = {10.1145/1791314.1791343},
	timestamp = {Mon, 19 Dec 2016 08:24:56 +0100},
	biburl    = {http://dblp.dagstuhl.de/rec/bib/conf/eenergy/GyarmatiT10},
	bibsource = {dblp computer science bibliography, http://dblp.org}
}

@inproceedings{DBLP:conf/isca/FanWB07,
	author    = {Xiaobo Fan and
	Wolf{-}Dietrich Weber and
	Luiz Andr{\'{e}} Barroso},
	title     = {Power provisioning for a warehouse-sized computer},
	booktitle = {34th International Symposium on Computer Architecture {(ISCA} 2007),
	June 9-13, 2007, San Diego, California, {USA}},
	pages     = {13--23},
	year      = {2007},
	crossref  = {DBLP:conf/isca/2007},
	url       = {http://doi.acm.org/10.1145/1250662.1250665},
	doi       = {10.1145/1250662.1250665},
	timestamp = {Thu, 16 Oct 2014 17:35:15 +0200},
	biburl    = {http://dblp.dagstuhl.de/rec/bib/conf/isca/FanWB07},
	bibsource = {dblp computer science bibliography, http://dblp.org}
}

@inproceedings{DBLP:conf/nsdi/HellerSMYSBM10,
	author    = {Brandon Heller and
	Srinivasan Seetharaman and
	Priya Mahadevan and
	Yiannis Yiakoumis and
	Puneet Sharma and
	Sujata Banerjee and
	Nick McKeown},
	title     = {ElasticTree: {S}aving Energy in {D}ata {C}enter {N}etworks},
	booktitle = {Proceedings of the 7th {USENIX} Symposium on Networked Systems Design
	and Implementation, {NSDI} 2010, April 28-30, 2010, San Jose, CA,
	{USA}},
	pages     = {249--264},
	year      = {2010},
	crossref  = {DBLP:conf/nsdi/2010},
	url       = {http://www.usenix.org/events/nsdi10/tech/full_papers/heller.pdf},
	timestamp = {Wed, 14 May 2014 19:33:31 +0200},
	biburl    = {http://dblp.dagstuhl.de/rec/bib/conf/nsdi/HellerSMYSBM10},
	bibsource = {dblp computer science bibliography, http://dblp.org}
}

@article{DBLP:journals/cm/MahadevanBSSR11,
	author    = {Priya Mahadevan and
	Sujata Banerjee and
	Puneet Sharma and
	Amip Shah and
	Parthasarathy Ranganathan},
	title     = {On energy efficiency for enterprise and data center networks},
	journal   = {{IEEE} Communications Magazine},
	volume    = {49},
	number    = {8},
	pages     = {94--100},
	year      = {2011},
	url       = {http://dx.doi.org/10.1109/MCOM.2011.5978421},
	doi       = {10.1109/MCOM.2011.5978421},
	timestamp = {Mon, 13 Feb 2012 14:09:12 +0100},
	biburl    = {http://dblp.dagstuhl.de/rec/bib/journals/cm/MahadevanBSSR11},
	bibsource = {dblp computer science bibliography, http://dblp.org}
}
@article{DBLP:journals/comcom/BeisterDAK14,
	author    = {Frederic Beister and
	Martin Dr{\"{a}}xler and
	J{\"{o}}rg Aelken and
	Holger Karl},
	title     = {Power model design for {ICT} systems - {A} generic approach},
	journal   = {Computer Communications},
	volume    = {50},
	pages     = {77--85},
	year      = {2014},
	url       = {http://dx.doi.org/10.1016/j.comcom.2014.02.007},
	doi       = {10.1016/j.comcom.2014.02.007},
	timestamp = {Tue, 15 Jul 2014 14:57:12 +0200},
	biburl    = {http://dblp.dagstuhl.de/rec/bib/journals/comcom/BeisterDAK14},
	bibsource = {dblp computer science bibliography, http://dblp.org}
}
@article{DBLP:journals/computer/BarrosoH07,
	author    = {Luiz Andr{\'{e}} Barroso and
	Urs H{\"{o}}lzle},
	title     = {The Case for Energy-Proportional Computing},
	journal   = {{IEEE} Computer},
	volume    = {40},
	number    = {12},
	pages     = {33--37},
	year      = {2007},
	url       = {http://dx.doi.org/10.1109/MC.2007.443},
	doi       = {10.1109/MC.2007.443},
	timestamp = {Wed, 16 Dec 2015 10:09:25 +0100},
	biburl    = {http://dblp.dagstuhl.de/rec/bib/journals/computer/BarrosoH07},
	bibsource = {dblp computer science bibliography, http://dblp.org}
}
@book{DBLP:books/daglib/0076234,
	author    = {Raj Jain},
	title     = {The art of computer systems performance analysis - techniques for
	experimental design, measurement, simulation, and modeling},
	series    = {Wiley professional computing},
	publisher = {Wiley},
	year      = {1991},
	isbn      = {978-0-471-50336-1},
	timestamp = {Tue, 19 Apr 2011 17:04:47 +0200},
	biburl    = {http://dblp.dagstuhl.de/rec/bib/books/daglib/0076234},
	bibsource = {dblp computer science bibliography, http://dblp.org}
}

@online{ns3,
	author = {MultiMedia LLC},
	title = {{NS-3} Simulator},
	howpublished={\url{https://www.nsnam.org}},
	note = {{O}nline; accessed 2017-02-20}	
}

@online{simgrid,
	author = {SimGrid team},
	title = {{SimGrid} Simulator},
    howpublished={\url{http://simgrid.gforge.inria.fr/}},
	note = {{O}nline; accessed 2017-01-20}
}

@inproceedings{claffy1998nature,
	title={The nature of the beast: {R}ecent traffic measurements from an {I}nternet backbone},
	author={Claffy, Kimberly and Miller, Greg and Thompson, Kevin},
	booktitle={Proceedings of INET},
	volume={98},
	pages={21--24},
	year={1998}
}
@inproceedings{DBLP:conf/valuetools/CarneiroFR09,
	author    = {Gustavo Carneiro and
	Pedro Fortuna and
	Manuel Ricardo},
	title     = {FlowMonitor: {A} network monitoring framework for the network simulator
	3 {(NS-3)}},
	booktitle = {4th International Conference on Performance Evaluation Methodologies
	and Tools, {VALUETOOLS} '09, Pisa, Italy, October 20-22, 2009},
	pages     = {1},
	year      = {2009},
	crossref  = {DBLP:conf/valuetools/2009},
	url       = {http://dx.doi.org/10.4108/ICST.VALUETOOLS2009.7493},
	doi       = {10.4108/ICST.VALUETOOLS2009.7493},
	timestamp = {Tue, 24 Mar 2015 18:02:57 +0100},
	biburl    = {http://dblp.dagstuhl.de/rec/bib/conf/valuetools/CarneiroFR09},
	bibsource = {dblp computer science bibliography, http://dblp.org}
}
@article{DBLP:journals/tsp/BarakatTIDO03,
	author    = {Chadi Barakat and
	Patrick Thiran and
	Gianluca Iannaccone and
	Christophe Diot and
	Philippe Owezarski},
	title     = {{M}odeling {I}nternet backbone traffic at the flow level},
	journal   = {{IEEE} Trans. Signal Processing},
	volume    = {51},
	number    = {8},
	pages     = {2111--2124},
	year      = {2003},
	url       = {http://dx.doi.org/10.1109/TSP.2003.814521},
	doi       = {10.1109/TSP.2003.814521},
	timestamp = {Wed, 09 Mar 2016 16:11:22 +0100},
	biburl    = {http://dblp.dagstuhl.de/rec/bib/journals/tsp/BarakatTIDO03},
	bibsource = {dblp computer science bibliography, http://dblp.org}
}
@inproceedings{DBLP:conf/IEEEcloud/FiandrinoKBZ15,
	author    = {Claudio Fiandrino and
	Dzmitry Kliazovich and
	Pascal Bouvry and
	Albert Y. Zomaya},
	title     = {Performance Metrics for Data Center Communication Systems},
	booktitle = {8th {IEEE} International Conference on Cloud Computing, {CLOUD} 2015,
	New York City, NY, USA, June 27 - July 2, 2015},
	pages     = {98--105},
	year      = {2015},
	crossref  = {DBLP:conf/IEEEcloud/2015},
	url       = {http://dx.doi.org/10.1109/CLOUD.2015.23},
	doi       = {10.1109/CLOUD.2015.23},
	timestamp = {Thu, 22 Dec 2016 16:52:49 +0100},
	biburl    = {http://dblp.dagstuhl.de/rec/bib/conf/IEEEcloud/FiandrinoKBZ15},
	bibsource = {dblp computer science bibliography, http://dblp.org}
}
@article{DBLP:journals/comcom/SivaramanRZSVMR14,
	author    = {Vijay Sivaraman and
	Pedro Reviriego and
	Zhi Zhao and
	Alfonso S{\'{a}}nchez{-}Maci{\'{a}}n and
	Arun Vishwanath and
	Juan Antonio Maestro and
	Craig Russell},
	title     = {An experimental power profile of Energy Efficient Ethernet switches},
	journal   = {Computer Communications},
	volume    = {50},
	pages     = {110--118},
	year      = {2014},
	url       = {http://dx.doi.org/10.1016/j.comcom.2014.02.019},
	doi       = {10.1016/j.comcom.2014.02.019},
	timestamp = {Wed, 16 Jul 2014 08:25:42 +0200},
	biburl    = {http://dblp.dagstuhl.de/rec/bib/journals/comcom/SivaramanRZSVMR14},
	bibsource = {dblp computer science bibliography, http://dblp.org}
}
@inproceedings{DBLP:conf/cloudnet/CorneaOL14,
	author    = {Bogdan Florin Cornea and
	Anne{-}C{\'{e}}cile Orgerie and
	Laurent Lef{\`{e}}vre},
	title     = {Studying the energy consumption of data transfers in Clouds: {T}he {E}cofen
	approach},
	booktitle = {3rd {IEEE} International Conference on Cloud Networking, CloudNet
	2014, Luxembourg, Luxembourg, October 8-10, 2014},
	pages     = {143--148},
	year      = {2014},
	crossref  = {DBLP:conf/cloudnet/2014},
	url       = {http://dx.doi.org/10.1109/CloudNet.2014.6968983},
	doi       = {10.1109/CloudNet.2014.6968983},
	timestamp = {Wed, 03 Dec 2014 10:30:08 +0100},
	biburl    = {http://dblp.dagstuhl.de/rec/bib/conf/cloudnet/CorneaOL14},
	bibsource = {dblp computer science bibliography, http://dblp.org}
}
@INPROCEEDINGS{Sivaraman, 
	author={V. Sivaraman and A. Vishwanath and Zhi Zhao and C. Russell}, 
	booktitle={2011 IEEE Conference on Computer Communications Workshops (INFOCOM WKSHPS)}, 
	title={Profiling per-packet and per-byte energy consumption in the NetFPGA Gigabit router}, 
	year={2011}, 
	pages={331-336}, 
	keywords={Internet;field programmable gate arrays;routing protocols;telecommunication traffic;Internet equipment;Internet service providers;NetFPGA gigabit router;hardware-based traffic generator;per-byte energy consumption;per-packet energy consumption;power consumption;protocols;routing equipment;routing platform;Energy consumption;Equations;Generators;Nickel;Power demand;Power measurement;Routing}, 
	doi={10.1109/INFCOMW.2011.5928833}, 
	month={April},}
@inproceedings{DBLP:conf/icc/WeingartnerLW09,
	author    = {Elias Weing{\"{a}}rtner and
	Hendrik vom Lehn and
	Klaus Wehrle},
	title     = {A Performance Comparison of Recent Network Simulators},
	booktitle = {Proceedings of {IEEE} International Conference on Communications,
	{ICC} 2009, Dresden, Germany, 14-18 June 2009},
	pages     = {1--5},
	year      = {2009},
	crossref  = {DBLP:conf/icc/2009},
	url       = {http://dx.doi.org/10.1109/ICC.2009.5198657},
	doi       = {10.1109/ICC.2009.5198657},
	timestamp = {Thu, 04 Mar 2010 15:04:54 +0100},
	biburl    = {http://dblp.dagstuhl.de/rec/bib/conf/icc/WeingartnerLW09},
	bibsource = {dblp computer science bibliography, http://dblp.org}
}
@inproceedings{DBLP:conf/aina/SwainHC10,
	author    = {Amulya Ratna Swain and
	R. C. Hansdah and
	Vinod Kumar Chouhan},
	title     = {An Energy Aware Routing Protocol with Sleep Scheduling for Wireless
	Sensor Networks},
	booktitle = {24th {IEEE} International Conference on Advanced Information Networking
	and Applications, {AINA} 2010, Perth, Australia, 20-13 April 2010},
	pages     = {933--940},
	year      = {2010},
	crossref  = {DBLP:conf/aina/2010},
	url       = {http://dx.doi.org/10.1109/AINA.2010.11},
	doi       = {10.1109/AINA.2010.11},
	timestamp = {Tue, 16 Sep 2014 18:00:32 +0200},
	biburl    = {http://dblp.dagstuhl.de/rec/bib/conf/aina/SwainHC10},
	bibsource = {dblp computer science bibliography, http://dblp.org}
}
@article{DBLP:journals/tomacs/VelhoSCL13,
	author    = {Pedro Velho and
	Lucas Mello Schnorr and
	Henri Casanova and
	Arnaud Legrand},
	title     = {On the validity of flow-level tcp network models for grid and cloud
	simulations},
	journal   = {{ACM} Trans. Model. Comput. Simul.},
	volume    = {23},
	number    = {4},
	pages     = {23:1--23:26},
	year      = {2013},
	url       = {http://doi.acm.org/10.1145/2517448},
	doi       = {10.1145/2517448},
	timestamp = {Tue, 03 Jan 2017 13:00:14 +0100},
	biburl    = {http://dblp.dagstuhl.de/rec/bib/journals/tomacs/VelhoSCL13},
	bibsource = {dblp computer science bibliography, http://dblp.org}
}
@article{DBLP:journals/ijhpca/BolzeCCDDJJLLMMNPQRTT06,
	author    = {Raphael Bolze and
	Franck Cappello and
	Eddy Caron and
	Michel J. Dayd{\'{e}} and
	Fr{\'{e}}d{\'{e}}ric Desprez and
	Emmanuel Jeannot and
	Yvon J{\'{e}}gou and
	St{\'{e}}phane Lanteri and
	Julien Leduc and
	Nouredine Melab and
	Guillaume Mornet and
	Raymond Namyst and
	Pascale Primet and
	Benjamin Qu{\'{e}}tier and
	Olivier Richard and
	El{-}Ghazali Talbi and
	Ir{\'{e}}a Touche},
	title     = {Grid'5000: {A} Large Scale And Highly Reconfigurable Experimental
	Grid Testbed},
	journal   = {{IJHPCA}},
	volume    = {20},
	number    = {4},
	pages     = {481--494},
	year      = {2006},
	url       = {http://dx.doi.org/10.1177/1094342006070078},
	doi       = {10.1177/1094342006070078},
	timestamp = {Tue, 10 Nov 2009 22:03:13 +0100},
	biburl    = {http://dblp.uni-trier.de/rec/bib/journals/ijhpca/BolzeCCDDJJLLMMNPQRTT06},
	bibsource = {dblp computer science bibliography, http://dblp.org}
}

@inproceedings{DBLP:conf/nsdi/NedevschiPIRW08,
	author    = {Sergiu Nedevschi and
	Lucian Popa and
	Gianluca Iannaccone and
	Sylvia Ratnasamy and
	David Wetherall},
	title     = {Reducing Network Energy Consumption via Sleeping and Rate-Adaptation},
	booktitle = {5th {USENIX} Symposium on Networked Systems Design {\&} Implementation,
	{NSDI} 2008, April 16-18, 2008, San Francisco, CA, USA, Proceedings},
	pages     = {323--336},
	year      = {2008},
	crossref  = {DBLP:conf/nsdi/2008},
	url       = {http://www.usenix.org/events/nsdi08/tech/full_papers/nedevschi/nedevschi.pdf},
	timestamp = {Thu, 15 May 2014 19:24:03 +0200},
	biburl    = {http://dblp.uni-trier.de/rec/bib/conf/nsdi/NedevschiPIRW08},
	bibsource = {dblp computer science bibliography, http://dblp.org}
}

@article{shehabi2016united,
	title={United States data center energy usage report},
	author={Shehabi, A and Smith, SJ and Horner, N and Azevedo, I and Brown, R and Koomey, J and Masanet, E and Sartor, D and Herrlin, M and Lintner, W},
	journal={Lawrence Berkeley National Laboratory, Berkeley, California. LBNL-1005775 Page},
	volume={4},
	year={2016}
}
@article{DBLP:journals/sigops/StanisicLD15,
	author    = {Luka Stanisic and
	Arnaud Legrand and
	Vincent Danjean},
	title     = {An Effective Git And Org-Mode Based Workflow For Reproducible Research},
	journal   = {Operating Systems Review},
	volume    = {49},
	number    = {1},
	pages     = {61--70},
	year      = {2015},
	url       = {http://doi.acm.org/10.1145/2723872.2723881},
	doi       = {10.1145/2723872.2723881},
	timestamp = {Sun, 25 Jan 2015 17:19:43 +0100},
	biburl    = {http://dblp.dagstuhl.de/rec/bib/journals/sigops/StanisicLD15},
	bibsource = {dblp computer science bibliography, http://dblp.org}
}
@article{schulte2012multi,
	title={A multi-language computing environment for literate programming and reproducible research},
	author={Schulte, Eric and Davison, Dan and Dye, Thomas and Dominik, Carsten and others},
	journal={Journal of Statistical Software},
	volume={46},
	number={3},
	pages={1--24},
	year={2012},
	publisher={American Statistical Association}
}
@article{ruxton2006unequal,
	title={The unequal variance t-test is an underused alternative to Student's t-test and the Mann--Whitney {U} test},
	author={Ruxton, Graeme D},
	journal={Behavioral Ecology},
	volume={17},
	number={4},
	pages={688--690},
	year={2006},
	publisher={ISBE}
}