@inproceedings{DBLP:conf/wowmom/OrgerieLLL11,
	author    = {Anne{-}C{\'{e}}cile Orgerie and
	Laurent Lef{\`{e}}vre and
	Isabelle Gu{\'{e}}rin Lassous and
	Dino Martin L{\'{o}}pez{-}Pacheco},
	title     = {{ECOFEN:} An End-to-end energy Cost mOdel and simulator For Evaluating
	power consumption in large-scale Networks},
	booktitle = {12th {IEEE} International Symposium on a World of Wireless, Mobile
	and Multimedia Networks, {WOWMOM} 2011, Lucca, Italy, 20-24 June,
	2011},
	pages     = {1--6},
	year      = {2011},
	crossref  = {DBLP:conf/wowmom/2011},
	url       = {http://dx.doi.org/10.1109/WoWMoM.2011.5986203},
	doi       = {10.1109/WoWMoM.2011.5986203},
	timestamp = {Mon, 22 Sep 2014 16:50:23 +0200},
	biburl    = {http://dblp.uni-trier.de/rec/bib/conf/wowmom/OrgerieLLL11},
	bibsource = {dblp computer science bibliography, http://dblp.org}
}

@article{DBLP:journals/jpdc/CasanovaGLQS14,
	author    = {Henri Casanova and
	Arnaud Giersch and
	Arnaud Legrand and
	Martin Quinson and
	Fr{\'{e}}d{\'{e}}ric Suter},
	title     = {Versatile, scalable, and accurate simulation of distributed applications
	and platforms},
	journal   = {J. Parallel Distrib. Comput.},
	volume    = {74},
	number    = {10},
	pages     = {2899--2917},
	year      = {2014},
	url       = {http://dx.doi.org/10.1016/j.jpdc.2014.06.008},
	doi       = {10.1016/j.jpdc.2014.06.008},
	timestamp = {Wed, 30 Jul 2014 11:18:42 +0200},
	biburl    = {http://dblp.uni-trier.de/rec/bib/journals/jpdc/CasanovaGLQS14},
	bibsource = {dblp computer science bibliography, http://dblp.org}
}

@article{DBLP:journals/comsur/BollaBDC11,
	author    = {Raffaele Bolla and
	Roberto Bruschi and
	Franco Davoli and
	Flavio Cucchietti},
	title     = {Energy Efficiency in the Future Internet: {A} Survey of Existing Approaches
	and Trends in Energy-Aware Fixed Network Infrastructures},
	journal   = {{IEEE} Communications Surveys and Tutorials},
	volume    = {13},
	number    = {2},
	pages     = {223--244},
	year      = {2011},
	url       = {http://dx.doi.org/10.1109/SURV.2011.071410.00073},
	doi       = {10.1109/SURV.2011.071410.00073},
	timestamp = {Mon, 21 Mar 2016 15:17:19 +0100},
	biburl    = {http://dblp.uni-trier.de/rec/bib/journals/comsur/BollaBDC11},
	bibsource = {dblp computer science bibliography, http://dblp.org}
}

@inproceedings{DBLP:conf/networking/MahadevanSBR09,
	author    = {Priya Mahadevan and
	Puneet Sharma and
	Sujata Banerjee and
	Parthasarathy Ranganathan},
	title     = {A Power Benchmarking Framework for Network Devices},
	booktitle = {{NETWORKING} 2009, 8th International {IFIP-TC} 6 Networking Conference,
	Aachen, Germany, May 11-15, 2009. Proceedings},
	pages     = {795--808},
	year      = {2009},
	crossref  = {DBLP:conf/networking/2009},
	url       = {http://dx.doi.org/10.1007/978-3-642-01399-7_62},
	doi       = {10.1007/978-3-642-01399-7_62},
	timestamp = {Fri, 10 Jul 2015 17:21:28 +0200},
	biburl    = {http://dblp.uni-trier.de/rec/bib/conf/networking/MahadevanSBR09},
	bibsource = {dblp computer science bibliography, http://dblp.org}
}

@inproceedings{DBLP:conf/sigcomm/MahadevanBS10,
	author    = {Priya Mahadevan and
	Sujata Banerjee and
	Puneet Sharma},
	title     = {Energy proportionality of an enterprise network},
	booktitle = {Proceedings of the 1st {ACM} {SIGCOMM} Workshop on Green Networking
	2010, New Delhi, India, August 30, 2010},
	pages     = {53--60},
	year      = {2010},
	crossref  = {DBLP:conf/sigcomm/2010greennet},
	url       = {http://doi.acm.org/10.1145/1851290.1851302},
	doi       = {10.1145/1851290.1851302},
	timestamp = {Wed, 01 Sep 2010 08:08:19 +0200},
	biburl    = {http://dblp.uni-trier.de/rec/bib/conf/sigcomm/MahadevanBS10},
	bibsource = {dblp computer science bibliography, http://dblp.org}
}

@article{DBLP:journals/comsur/DayarathnaWF16,
	author    = {Miyuru Dayarathna and
	Yonggang Wen and
	Rui Fan},
	title     = {Data Center Energy Consumption Modeling: {A} Survey},
	journal   = {{IEEE} Communications Surveys and Tutorials},
	volume    = {18},
	number    = {1},
	pages     = {732--794},
	year      = {2016},
	url       = {http://dx.doi.org/10.1109/COMST.2015.2481183},
	doi       = {10.1109/COMST.2015.2481183},
	timestamp = {Wed, 03 Feb 2016 18:18:55 +0100},
	biburl    = {http://dblp.uni-trier.de/rec/bib/journals/comsur/DayarathnaWF16},
	bibsource = {dblp computer science bibliography, http://dblp.org}
}

@article{DBLP:journals/tjs/KliazovichBK12,
	author    = {Dzmitry Kliazovich and
	Pascal Bouvry and
	Samee Ullah Khan},
	title     = {GreenCloud: a packet-level simulator of energy-aware cloud computing
	data centers},
	journal   = {The Journal of Supercomputing},
	volume    = {62},
	number    = {3},
	pages     = {1263--1283},
	year      = {2012},
	url       = {http://dx.doi.org/10.1007/s11227-010-0504-1},
	doi       = {10.1007/s11227-010-0504-1},
	timestamp = {Tue, 30 Oct 2012 11:19:11 +0100},
	biburl    = {http://dblp.uni-trier.de/rec/bib/journals/tjs/KliazovichBK12},
	bibsource = {dblp computer science bibliography, http://dblp.org}
}

@book{DBLP:series/synthesis/2013Barroso,
	author    = {Luiz Andr{\'{e}} Barroso and
	Jimmy Clidaras and
	Urs H{\"{o}}lzle},
	title     = {The Datacenter as a Computer: An Introduction to the Design of Warehouse-Scale
	Machines, Second Edition},
	series    = {Synthesis Lectures on Computer Architecture},
	publisher = {Morgan {\&} Claypool Publishers},
	year      = {2013},
	url       = {http://dx.doi.org/10.2200/S00516ED2V01Y201306CAC024},
	doi       = {10.2200/S00516ED2V01Y201306CAC024},
	isbn      = {9781627050098},
	timestamp = {Tue, 10 Dec 2013 17:04:44 +0100},
	biburl    = {http://dblp.uni-trier.de/rec/bib/series/synthesis/2013Barroso},
	bibsource = {dblp computer science bibliography, http://dblp.org}
}

@inproceedings{DBLP:conf/isca/FanWB07,
	author    = {Xiaobo Fan and
	Wolf{-}Dietrich Weber and
	Luiz Andr{\'{e}} Barroso},
	title     = {Power provisioning for a warehouse-sized computer},
	booktitle = {34th International Symposium on Computer Architecture {(ISCA} 2007),
	June 9-13, 2007, San Diego, California, {USA}},
	pages     = {13--23},
	year      = {2007},
	crossref  = {DBLP:conf/isca/2007},
	url       = {http://doi.acm.org/10.1145/1250662.1250665},
	doi       = {10.1145/1250662.1250665},
	timestamp = {Thu, 16 Oct 2014 17:35:15 +0200},
	biburl    = {http://dblp.uni-trier.de/rec/bib/conf/isca/FanWB07},
	bibsource = {dblp computer science bibliography, http://dblp.org}
}

@inproceedings{debusschere2013data,
	title={Data center energy consumption simulator from the servers to their cooling system},
	author={Debusschere, Vincent and Bacha, Seddik and others},
	booktitle={PowerTech (POWERTECH), 2013 IEEE Grenoble},
	pages={1--6},
	year={2013},
	organization={IEEE}
}
