@inproceedings{DBLP:conf/wowmom/OrgerieLLL11,
	author    = {Anne{-}C{\'{e}}cile Orgerie and
	Laurent Lef{\`{e}}vre and
	Isabelle Gu{\'{e}}rin Lassous and
	Dino Martin L{\'{o}}pez{-}Pacheco},
	title     = {{ECOFEN:} {A}n {E}nd-to-end energy {C}ost m{O}del and simulator {F}or {E}valuating
	power consumption in large-scale {N}etworks},
	booktitle = {12th {IEEE} International Symposium on a World of Wireless, Mobile
	and Multimedia Networks, {WOWMOM}},
	pages     = {1--6},
	year      = {2011},
}


@article{DBLP:journals/jpdc/CasanovaGLQS14,
	author    = {Henri Casanova and
	Arnaud Giersch and
	Arnaud Legrand and
	Martin Quinson and
	Fr{\'{e}}d{\'{e}}ric Suter},
	title     = {Versatile, scalable, and accurate simulation of distributed applications
	and platforms},
	journal   = {J. Parallel Distrib. Comput.},
	volume    = {74},
	number    = {10},
	pages     = {2899--2917},
	year      = {2014},
}


@article{DBLP:journals/comsur/BollaBDC11,
	author    = {Raffaele Bolla and
	Roberto Bruschi and
	Franco Davoli and
	Flavio Cucchietti},
	title     = {Energy {E}fficiency in the {F}uture {I}nternet: {A} {S}urvey of {E}xisting {A}pproaches
	and {T}rends in {E}nergy-{A}ware {F}ixed {N}etwork {I}nfrastructures},
	journal   = {{IEEE} Communications Surveys and Tutorials},
	volume    = {13},
	number    = {2},
	pages     = {223--244},
	year      = {2011},
}


@inproceedings{DBLP:conf/networking/MahadevanSBR09,
	author    = {Priya Mahadevan and
	Puneet Sharma and
	Sujata Banerjee and
	Parthasarathy Ranganathan},
	title     = {A {P}ower {B}enchmarking {F}ramework for {N}etwork {D}evices},
	booktitle = {8th International {IFIP-TC} Networking Conference {NETWORKING}},
	pages     = {795--808},
	year      = {2009},
}


@inproceedings{DBLP:conf/sigcomm/MahadevanBS10,
	author    = {Priya Mahadevan and
	Sujata Banerjee and
	Puneet Sharma},
	title     = {Energy proportionality of an enterprise network},
	booktitle = {{ACM} {SIGCOMM} Workshop on Green Networking},
	pages     = {53--60},
	year      = {2010},
}


@article{DBLP:journals/comsur/DayarathnaWF16,
	author    = {Miyuru Dayarathna and
	Yonggang Wen and
	Rui Fan},
	title     = {{D}ata {C}enter {E}nergy {C}onsumption {M}odeling: {A} {S}urvey},
	journal   = {{IEEE} Communications Surveys and Tutorials},
	volume    = {18},
	number    = {1},
	pages     = {732--794},
	year      = {2016},
}


@article{DBLP:journals/tjs/KliazovichBK12,
	author    = {Dzmitry Kliazovich and
	Pascal Bouvry and
	Samee Ullah Khan},
	title     = {{G}reen{C}loud: {A} packet-level simulator of energy-aware cloud computing
	data centers},
	journal   = {The Journal of Supercomputing},
	volume    = {62},
	number    = {3},
	pages     = {1263--1283},
	year      = {2012},
}


@book{DBLP:series/synthesis/2013Barroso,
	author    = {Luiz Andr{\'{e}} Barroso and
	Jimmy Clidaras and
	Urs H{\"{o}}lzle},
	title     = {{T}he {D}atacenter as a {C}omputer: {A}n {I}ntroduction to the {D}esign of {W}arehouse-{S}cale
	{M}achines},
	series    = {Synthesis Lectures on Computer Architecture},
	publisher = {Morgan {\&} Claypool Publishers},
	year      = {2013},
}


@inproceedings{DBLP:conf/isca/FanWB07,
	author    = {Xiaobo Fan and
	Wolf{-}Dietrich Weber and
	Luiz Andr{\'{e}} Barroso},
	title     = {Power provisioning for a warehouse-sized computer},
	booktitle = {International Symposium on Computer Architecture (ISCA)},
	pages     = {13--23},
	year      = {2007},
}


@inproceedings{debusschere2013data,
	title={Data center energy consumption simulator from the servers to their cooling system},
	author={Debusschere, Vincent and Bacha, Seddik and others},
	booktitle={2013 IEEE Grenoble Conference, PowerTech},
	pages={1--6},
	year={2013},
}

@inproceedings{DBLP:conf/infocom/LiuFGKT01,
	author    = {Benyuan Liu and
	Daniel R. Figueiredo and
	Yang Guo and
	James F. Kurose and
	Donald F. Towsley},
	title     = {A {S}tudy of {N}etworks {S}imulation {E}fficiency: {F}luid {S}imulation vs. {P}acket-level
	Simulation},
	booktitle = {IEEE International Conference on Computer Communications (INFOCOM)},
	pages     = {1244--1253},
	year      = {2001},
}

@article{DBLP:journals/comcom/HeddeghemLLCPD14,
	author    = {Ward Van Heddeghem and
	Sofie Lambert and
	Bart Lannoo and
	Didier Colle and
	Mario Pickavet and
	Piet Demeester},
	title     = {{T}rends in worldwide {ICT} electricity consumption from 2007 to 2012},
	journal   = {Computer Communications},
	volume    = {50},
	pages     = {64--76},
	year      = {2014},
}

@inproceedings{DBLP:conf/eenergy/GyarmatiT10,
	author    = {L{\'{a}}szl{\'{o}} Gyarmati and
	Tuan Anh Trinh},
	title     = {How can architecture help to reduce energy consumption in data center
	networking?},
	booktitle = {International Conference on Energy-Efficient
	Computing and Networking (e-Energy)},
	pages     = {183--186},
	year      = {2010},
}


@inproceedings{DBLP:conf/nsdi/HellerSMYSBM10,
	author    = {Brandon Heller and
	Srinivasan Seetharaman and
	Priya Mahadevan and
	Yiannis Yiakoumis and
	Puneet Sharma and
	Sujata Banerjee and
	Nick McKeown},
	title     = {ElasticTree: {S}aving Energy in {D}ata {C}enter {N}etworks},
	booktitle = {{USENIX} Symposium on Networked Systems Design
	and Implementation (NSDI)},
	pages     = {249--264},
	year      = {2010},
}

@article{DBLP:journals/cm/MahadevanBSSR11,
	author    = {Priya Mahadevan and
	Sujata Banerjee and
	Puneet Sharma and
	Amip Shah and
	Parthasarathy Ranganathan},
	title     = {On energy efficiency for enterprise and data center networks},
	journal   = {{IEEE} Communications Magazine},
	volume    = {49},
	number    = {8},
	pages     = {94--100},
	year      = {2011},
}
@article{DBLP:journals/comcom/BeisterDAK14,
	author    = {Frederic Beister and
	Martin Dr{\"{a}}xler and
	J{\"{o}}rg Aelken and
	Holger Karl},
	title     = {Power model design for {ICT} systems - {A} generic approach},
	journal   = {Computer Communications},
	volume    = {50},
	pages     = {77--85},
	year      = {2014},
}
@article{DBLP:journals/computer/BarrosoH07,
	author    = {Luiz Andr{\'{e}} Barroso and
	Urs H{\"{o}}lzle},
	title     = {The {C}ase for {E}nergy-{P}roportional {C}omputing},
	journal   = {{IEEE} Computer},
	volume    = {40},
	number    = {12},
	pages     = {33--37},
	year      = {2007},
}
@book{DBLP:books/daglib/0076234,
	author    = {Raj Jain},
	title     = {{T}he art of computer systems performance analysis - techniques for
	experimental design, measurement, simulation, and modeling},
	series    = {Wiley professional computing},
	publisher = {Wiley},
	year      = {1991},
}

@online{ns3,
	author = {MultiMedia LLC},
	title = {{NS-3} {S}imulator},
	howpublished={\url{https://www.nsnam.org}},
	note = {{O}nline; accessed 2017-02-20}	
}

@online{simgrid,
	author = {SimGrid team},
	title = {{SimGrid} {S}imulator},
	howpublished={\url{http://simgrid.gforge.inria.fr/}},
	note = {{O}nline; accessed 2017-01-20}
}

@inproceedings{claffy1998nature,
	title={The nature of the beast: {R}ecent traffic measurements from an {I}nternet backbone},
	author={Claffy, Kimberly and Miller, Greg and Thompson, Kevin},
	booktitle={Proceedings of INET},
	volume={98},
	pages={21--24},
	year={1998}
}
@inproceedings{DBLP:conf/valuetools/CarneiroFR09,
	author    = {Gustavo Carneiro and
	Pedro Fortuna and
	Manuel Ricardo},
	title     = {FlowMonitor: {A} network monitoring framework for the {N}etwork {S}imulator
	3 {(NS-3)}},
	booktitle = {International Conference on Performance Evaluation Methodologies
	and Tools (VALUETOOLS)},
	year      = {2009},
}
@article{DBLP:journals/tsp/BarakatTIDO03,
	author    = {Chadi Barakat and
	Patrick Thiran and
	Gianluca Iannaccone and
	Christophe Diot and
	Philippe Owezarski},
	title     = {{M}odeling {I}nternet backbone traffic at the flow level},
	journal   = {{IEEE} Trans. Signal Processing},
	volume    = {51},
	number    = {8},
	pages     = {2111--2124},
	year      = {2003},
}
@inproceedings{DBLP:conf/IEEEcloud/FiandrinoKBZ15,
	author    = {Claudio Fiandrino and
	Dzmitry Kliazovich and
	Pascal Bouvry and
	Albert Y. Zomaya},
	title     = {Performance {M}etrics for {D}ata {C}enter {C}ommunication {S}ystems},
	booktitle = {{IEEE} International Conference on Cloud Computing, (CLOUD)},
	pages     = {98--105},
	year      = {2015},
}
@article{DBLP:journals/comcom/SivaramanRZSVMR14,
	author    = {Vijay Sivaraman and
	Pedro Reviriego and
	Zhi Zhao and
	Alfonso S{\'{a}}nchez{-}Maci{\'{a}}n and
	Arun Vishwanath and
	Juan Antonio Maestro and
	Craig Russell},
	title     = {An experimental power profile of {E}nergy {E}fficient {E}thernet switches},
	journal   = {Computer Communications},
	volume    = {50},
	pages     = {110--118},
	year      = {2014},
}
@inproceedings{DBLP:conf/cloudnet/CorneaOL14,
	author    = {Bogdan Florin Cornea and
	Anne{-}C{\'{e}}cile Orgerie and
	Laurent Lef{\`{e}}vre},
	title     = {Studying the energy consumption of data transfers in {C}louds: {T}he {E}cofen
	approach},
	booktitle = {{IEEE} International Conference on Cloud Networking, (CloudNet)},
	pages     = {143--148},
	year      = {2014},
}
@INPROCEEDINGS{Sivaraman, 
	author={V. Sivaraman and A. Vishwanath and Zhi Zhao and C. Russell}, 
	booktitle={{IEEE} {C}onference on {C}omputer {C}ommunications {W}orkshops ({INFOCOM WKSHPS})}, 
	title={Profiling per-packet and per-byte energy consumption in the {NetFPGA} {G}igabit router}, 
	year={2011}, 
	pages={331-336}, 
	month={April},}

@inproceedings{DBLP:conf/icc/WeingartnerLW09,
	author    = {Elias Weing{\"{a}}rtner and
	Hendrik vom Lehn and
	Klaus Wehrle},
	title     = {A {P}erformance {C}omparison of {R}ecent {N}etwork {S}imulators},
	booktitle = {{IEEE} International Conference on Communications (ICC)},
	pages     = {1--5},
	year      = {2009},
}
@inproceedings{DBLP:conf/aina/SwainHC10,
	author    = {Amulya Ratna Swain and
	R. C. Hansdah and
	Vinod Kumar Chouhan},
	title     = {An {E}nergy {A}ware {R}outing {P}rotocol with {S}leep {S}cheduling for {W}ireless
	{S}ensor {N}etworks},
	booktitle = {{IEEE} International Conference on Advanced Information Networking
	and Applications (AINA)},
	pages     = {933--940},
	year      = {2010},
}
@article{DBLP:journals/tomacs/VelhoSCL13,
	author    = {Pedro Velho and
	Lucas Mello Schnorr and
	Henri Casanova and
	Arnaud Legrand},
	title     = {On the validity of flow-level tcp network models for grid and cloud
	simulations},
	journal   = {{ACM} Trans. Model. Comput. Simul.},
	volume    = {23},
	number    = {4},
	pages     = {23:1--23:26},
	year      = {2013},
}
@article{DBLP:journals/ijhpca/BolzeCCDDJJLLMMNPQRTT06,
	author    = {Raphael Bolze and
	Franck Cappello and
	Eddy Caron and
	Michel J. Dayd{\'{e}} and
	Fr{\'{e}}d{\'{e}}ric Desprez and
	Emmanuel Jeannot and
	Yvon J{\'{e}}gou and
	St{\'{e}}phane Lanteri and
	Julien Leduc and
	Nouredine Melab and
	Guillaume Mornet and
	Raymond Namyst and
	Pascale Primet and
	Benjamin Qu{\'{e}}tier and
	Olivier Richard and
	El{-}Ghazali Talbi and
	Ir{\'{e}}a Touche},
	title     = {Grid'5000: {A} {L}arge {S}cale {A}nd {H}ighly {R}econfigurable {E}xperimental
	Grid Testbed},
	journal   = {{IJHPCA}},
	volume    = {20},
	number    = {4},
	pages     = {481--494},
	year      = {2006},
}

@inproceedings{DBLP:conf/nsdi/NedevschiPIRW08,
	author    = {Sergiu Nedevschi and
	Lucian Popa and
	Gianluca Iannaccone and
	Sylvia Ratnasamy and
	David Wetherall},
	title     = {Reducing {N}etwork {E}nergy {C}onsumption via {S}leeping and {R}ate-{A}daptation},
	booktitle = {{USENIX} Symposium on Networked Systems Design {\&} Implementation (NSDI)},
	pages     = {323--336},
	year      = {2008},
}

@article{shehabi2016united,
	title={United {S}tates data center energy usage report},
	author={Shehabi, A and Smith, SJ and Horner, N and Azevedo, I and Brown, R and Koomey, J and Masanet, E and Sartor, D and Herrlin, M and Lintner, W},
	journal={Lawrence Berkeley National Laboratory, Berkeley, California. LBNL-1005775 Report},
	volume={4},
	year={2016}
}
@article{DBLP:journals/sigops/StanisicLD15,
	author    = {Luka Stanisic and
	Arnaud Legrand and
	Vincent Danjean},
	title     = {An {E}ffective {G}it {A}nd {O}rg-{M}ode {B}ased {W}orkflow {F}or {R}eproducible {R}esearch},
	journal   = {Operating Systems Review},
	volume    = {49},
	number    = {1},
	pages     = {61--70},
	year      = {2015},
}
@article{schulte2012multi,
	title={A multi-language computing environment for literate programming and reproducible research},
	author={Schulte, Eric and Davison, Dan and Dye, Thomas and Dominik, Carsten and others},
	journal={Journal of Statistical Software},
	volume={46},
	number={3},
	pages={1--24},
	year={2012},
	publisher={American Statistical Association}
}
@article{ruxton2006unequal,
	title={The unequal variance t-test is an underused alternative to {S}tudent's t-test and the Mann--Whitney {U} test},
	author={Ruxton, Graeme D},
	journal={Behavioral Ecology},
	volume={17},
	number={4},
	pages={688--690},
	year={2006},
	publisher={ISBE}
}
@inproceedings{DBLP:conf/ccgrid/QuinsonRT12,
	author    = {Martin Quinson and
	Cristian Daniel Rosa and
	Christophe Thiery},
	title     = {Parallel {S}imulation of {P}eer-to-{P}eer {S}ystems},
	booktitle = {{IEEE/ACM} International Symposium on Cluster, Cloud and Grid
	Computing (CCGrid)},
	pages     = {668--675},
	year      = {2012},
}


@misc{zetta,
	author = {Cisco},
	title = {{The Zettabyte Era: Trends and Analysis}},
	year = {2017},
	month = {June},
	howpublished = {White paper}
}

@misc{gci,
	author = {Cisco},
	title = {{Cisco Global Cloud Index: Forecast and Methodology, 2015-2020}},
	year = {2016},
	month = {November},
	howpublished = {White paper}
}

@article{survey,
	author = {Orgerie, Anne-C\'ecile and Dias de Assun\c{c}\~ao, Marcos and Lef\`evre, Laurent},
	title = {{A Survey on Techniques for Improving the Energy Efficiency of Large-scale Distributed Systems}},
	journal = {ACM Computing Surveys},
	volume = {46},
	number = {4},
	month = mar,
	year = {2014},
	pages = {47:1--47:31},
} 

@inproceedings{dvs,
	author           = {D. Snowdon and S. Ruocco and G. Heiser},
	booktitle        = {Workshop on Power Aware Real-time Computing},
	title            = {{Power Management and Dynamic Voltage Scaling: Myths and Facts}},
	year             = {2005},
}

@inproceedings{ALR,
	title = {{Ethernet Adaptive Link Rate (ALR): Analysis Of A Buffer Threshold Policy}},
	author = {C. Gunaratne and K. Christensen and S. Suen},
	booktitle = {IEEE Global Telecommunications Conference (GLOBECOM)},
	pages = {1--6},
	year = 2006,
}

@ARTICLE{LPI,
	author={Reviriego, P. and Christensen, K. and Rabanillo, J. and Maestro, J.A.},
	journal={IEEE Communications Letters},
	title={{An Initial Evaluation of Energy Efficient Ethernet}},
	year={2011},
	volume={15},
	number={5},
	pages={578--580},
}

